@book{fitting1986proofmethods,
    author = {Melvin Fitting},
    title = {Proof Methods for Modal and Intuitionistic Logics},
    publisher = {Springer, Dordrecht},
    year = {1983},
    isbn = {978-94-017-2794-5},
    doi = {10.1007/978-94-017-2794-5}
}

@article{massacci2000singlesteptableaux,
    author = {Fabio Massacci},
    title = {Single {S}tep {T}ableaux for {M}odal {L}ogics},
    journal = {Journal of Automated Reasoning},
    volume = {24},
    number = {3},
    pages = {319--364},
    month = apr,
    year = {2000},
    doi = {10.1023/A:1006155811656}
}

@Book{IntroducaoLogicaModalAplicadaComputacao,
  title={Introdução à Lógica Modal Aplicada à Computação},
  author={Costa, Marcos M. C.},
  year={1992},
  publisher={UFRGS}
}

@book{smullyan1968fol,
    author = {Raymond M. Smullyan},
    title = {First-Order Logic},
    publisher = {Berlin, Germany: New York [Etc.]Springer-Verlag},
    year = {1968},
    isbn = {978-3-642-86718-7},
    series ={Ergebnisse der Math. und ihrer Grenzgebiete},
    volume = {43},
    doi = {10.1007/978-3-642-86718-7}
}
